@article{MINE2019,
	Author = {R. H. Goodman and M. Porfiri},
	Journal = {Math. in Eng.},
	Pages = {34--54},
	Title = {Topological features determining the error in the inference of networks using transfer entropy},
	Volume = {2},
	Year = {2019},
	URL = {https://www.aimspress.com/article/10.3934/mine.2020003/fulltext.html}}
