@article{GH_SIADS_05,
	Author = {R. H. Goodman and R. Haberman},
	Journal = {SIAM J. Appl. Dyn. Sys.},
	Pages = {1195-1228},
	Title = {Kink-antikink collisions in the phi-four equation: The n-bounce resonance and the separatrix map},
	Url = {http://www.siam.org/journals/SIADS/4-4/63298.html},
	Volume = {4},
	Year = {2005}}
