@article{bowtie,
	Author = {Goodman, R. H.},
	Journal = {Disc. Cont. Dyn. Sys. A},
	Pages = {2203--2232},
	Title = {NLS bifurcations on the bowtie combinatorial graph and the dumbbell metric graph},
	Url = {http://aimsciences.org/article/doi/10.3934/dcds.2019093},
	Volume = {39},
	Year = {2019}
	}
