@article{GH_PRL_07,
	Author = {R. H. Goodman and R. Haberman},
	Journal = {Phys. Rev. Lett.},
	Pages = {104103},
	Title = {Chaotic Scattering and the n-bounce Resonance in Solitary Wave Interactions},
	Url = {http://link.aps.org/abstract/PRL/v98/e104103},
	Volume = {98},
	Year = {2007},
	}
