@article{sumof3wells,
	Author = {Goodman, Roy H},
	Journal = {Phys. D},
	Pages = {39--59},
	Title = {Bifurcations of relative periodic orbits in NLS/GP with a triple-well potential},
	Url = {http://sciencedirect.com/science/article/pii/S0167278916306248},
	Volume = {359},
	Year = {2017}}
