@article{GH_PhysD_04,
	Author = {R. H. Goodman and R. Haberman},
		Journal = {Phys. D.},
	Pages = {303--323},
	Title = {Interaction of sine-Gordon kinks with defects: The two-bounce resonance},
	Url = {http://dx.doi.org/10.1016/j.physd.2004.04.002},
	Volume = {195},
	Year = {2004}}
