@article{PhysRevE2022,
	author = {Jimmie Adriazola and Roy H. Goodman},
	eprint = {2111.14266},
	journal = {Phys. Rev. E},
	pages = {025311},
	title = {A Reduction-Based Strategy for Optimal Control of Bose-Einstein Condensates},
	volume = {105},
	year = {2022}}
