@misc{gb2022,
	author = {Goodman, R. H. and Behring, B. M.},
	date-modified = {2022-11-02 13:43:17 -0400},
	publisher = {arXiv},
	title = {Transition to instability of the leapfrogging vortex quartet},
	url = {https://arxiv.org/abs/2210.16464},
	year = {2022},
	bdsk-url-1 = {https://arxiv.org/abs/2206.02933}}
