@misc{https://doi.org/10.48550/arxiv.2206.02933,
  url = {https://arxiv.org/abs/2206.02933},
  author = {Adriazola, J. and Goodman, R.},
  keywords = {Optics (physics.optics), Optimization and Control (math.OC), Pattern Formation and Solitons (nlin.PS), FOS: Physical sciences, FOS: Physical sciences, FOS: Mathematics, FOS: Mathematics},
  title = {Apodizer Design to Efficiently Couple Light into a Fiber Bragg Grating},
  publisher = {arXiv},
  year = {2022}
}
