@article{GHW_PhysD_04,
	Author = {R. H. Goodman and P. J. Holmes and M. I. Weinstein},
	Journal = {Phys. D},
	Pages = {215--248},
	Title = {Strong NLS soliton--defect interactions},
	Url = {http://dx.doi.org/10.1016/j.physd.2004.01.021},
	Volume = {192},
	Year = {2004}
	}
