@article{GWH_JNLS_01,
	Author = {R. H. Goodman and M. I. Weinstein and P. J. Holmes},
	Journal = {J. Nonlinear Science},
	Pages = {123--168},
	Title = {Nonlinear propagation of light in one-dimensional periodic structures},
	Url = {http://www.springerlink.com/content/nxh3frkak564a1k9},
	Volume = {11},
	Year = {2001},
}
