@article{GMM_SIAPL_01,
	Author = {R. H. Goodman and A. J. Majda and D. W. McLaughlin},
	Journal = {SIAM J. Appl. Math.},
	Pages = {746--776},
	Title = {Modulations in the leading edges of midlatitude storm tracks},
	Url = {http://dx.doi.org/10.1137/S0036139900382978},
	Volume = {62},
	Year = {2001}
	}
