@article{CNSNS_2013,
	Author = {J. K. Wr{\'o}bel and R. H. Goodman},
	Journal = {Commun. Nonlinear Sci. Numer. Simul.},
	Pages = {1734-1745},
	Title = {High-order Adaptive Method for Computing Two-dimensional Invariant Manifolds of Maps},
	Url = {http://dx.doi.org/10.1016/j.cnsns.2012.10.017},
	Volume = {18},
	Year = {2013}
	}
