@article{IJBC2011,
	Annote = {The first paper to come out of work with Jacek.},
	Author = {R. H. Goodman and J. K. Wr{\'o}bel},
	Journal = {Int. J. Bifurcat. Chaos},
	Pages = {2017-2042},
	Title = {High-Order Bisection Method for Computing Invariant Manifolds of Two-Dimensional Maps},
	Url = {http://www.worldscinet.com/ijbc/21/2107/S0218127411029604.html},
	Volume = {21},
	Year = {2011}
	}
