@article{gmw_2015,
	Author = {R. H. Goodman and J. L. Marzuola and M. I. Weinstein},
	Journal = {Disc. Cont. Dyn. Sys. A},
	Pages = {225--246},
	Title = {Self-trapping and Josephson tunneling solutions to the nonlinear Schr{\"o}dinger / Gross-Pitaevskii Equation},
	Url = {http://www.aimsciences.org/journals/displayArticlesnew.jsp?paperID=10218},
	Volume = {35},
	Year = {2015}
	}
