@misc{bec-manipulation,
url = {https://arxiv.org/abs/2206.01858},  
author = {Adriazola, J. and Goodman, R. H. and Kevrekidis, P. G.}, 
title = {Efficient Manipulation of Bose-Einstein Condensates in a Double-Well Potential},  
publisher = {arXiv}, 
year = {2022}
}