%% This BibTeX bibliography file was created using BibDesk.
%% http://www.cs.ucsd.edu/~mmccrack/bibdesk.html


%% Created for Roy Goodman at 2021-01-11 21:21:25 -0500 


%% Saved with string encoding Unicode (UTF-8) 



@article{Chaos2008,
	author = {R. H. Goodman},
	date-modified = {2021-01-11 21:21:24 -0500},
	journal = {Chaos},
	number = {2},
	pages = {023113},
	title = {Chaotic scattering in solitary wave interactions: A singular iterated-map description},
	url = {https://doi.org/10.1063/1.2904823},
	volume = {18},
	year = {2008},
	Bdsk-Url-1 = {http://link.aip.org/link/?CHA/18/023113}}
