@article{JFM08,
	Author = {Y.-N. Young and J. B{\l}awzdziewicz and V. Cristini and R. H. Goodman},
	Journal = {J. Fluid. Mech},
	Pages = {209--234},
	Title = {Hysteretic and chaotic dynamics of viscous drops in creeping flows with rotation},
	Url = {http://journals.cambridge.org/action/displayAbstract?fromPage=online&aid=1921652&fulltextType=RA&fileId=S0022112008002036},
	Volume = {607},
	Year = {2008},
	}
