@article{GW_PHYSD_2008,
	Author = {R. H. Goodman and M. I. Weinstein},
	Journal = {Phys. D.},
	Pages = {2731-2760},
	Title = {Stability and instability of nonlinear defect states in the coupled mode equations---analytical and numerical study},
	Url = {http://dx.doi.org/10.1016/j.physd.2008.04.009},
	Volume = {237},
	Year = {2008},
	}
