@article{FPUT_MiM,
	Author = {T. E. Faver and R. H. Goodman and J. D. Wright},
	Journal = {ZAMP},
	Volume = {71}
	Pages = {197},
	Title = {Solitary Waves in Mass-in-Mass Lattices},
	Url = {https://doi.org/10.1007/s00033-020-01384-8},
	Year = {2020},
}
