@article{driftStates,
	Author = {A. Kairzhan and D. E. Pelinovsky and R. H. Goodman},
	Journal = {SIAM J. Appl. Dyn. Sys.},
	Pages = {1723--1755},
	Title = {Drift of spectrally stable shifted states on star graphs},
	Url = {https://doi.org/10.1137/19M1246146},
	Volume = {18},
	Year = {2019}
	}
