@article{AnisotropicBEC2014,
	Author = {R. H. Goodman and P. G. Kevrekidis and R. Carretero-Gonz{\'a}lez},
	Journal = {SIAM J. Appl. Dyn. Sys.},
	Pages = {699-729},
	Title = {Dynamics of vortex dipoles in anisotropic Bose-Einstein condensates},
	Url = {http://epubs.siam.org/doi/10.1137/140992345},
	Year = {2015}}
