@article{GH_PRE_05,
	Author = {R. H. Goodman and R. Haberman},
	Journal = {Phys. Rev. E},
	Pages = {056605},
	Title = {Vector soliton interactions in birefringent optical fibers},
	Url = {http://link.aps.org/abstract/PRE/v71/e056605},
	Volume = {71},
	Year = {2005}
	}
