@article{reversibility,
	Author = {A. Sagiv and A. Ditkowski and R. H. Goodman and G. Fibich},
	Journal =  {Phys. D},
	Volume = {410},
	Pages = {132515},
	Title = {Loss of Physical Reversibility in Reversible Systems},
	Url = {https://doi.org/10.1016/j.physd.2020.132515},
	Year = {2020},
}
