@article{GHW_PhysD_02,
	Author = {R. H. Goodman and P. J. Holmes and M. I. Weinstein},
	Journal = {Phys. D},
	Pages = {21--44},
	Title = {Interaction of sine-Gordon kinks with defects: phase space transport in a two-mode model},
	Url = {http://dx.doi.org/10.1016/S0167-2789(01)00353-0},
	Volume = {161},
	Year = {2002}
	}
