
@incollection{phi4chapter,
	Author = {R. H. Goodman},
	Booktitle = {A Dynamical Perspective on the $\varphi^4$ Model Model},
	Chapter = {4},
	Editor = {P. G. Kevrekidis and J. Cuevas-Maraver},
	Pages = {75--91},
	Publisher = {Springer},
	Series = {Nonlinear Systems and Complexity},
	Title = {Mathematical Analysis of Fractal Kink-Antikink Collisions in the ${\v a}rphi^4$ Model},
	Volume = {26},
	Year = {2019},
	Url = {https://www.springer.com/gp/book/9783030118389}}
