@article{triggerwaves,
 author = {R. H. Goodman and D. S. Graff and L. M. Sander and P. Leroux-Hugon and E. Clement},
 journal = {Phys. Rev. E},
 pages = {5904--5909},
 title = {Trigger Waves in a Model for Catalysis},
 url = {http://prola.aps.org/abstract/PRE/v52/i6/p5904_1},
 volume = {52},
 year = {1995}
}

