@article{skewball,
	Author = {R. H. Goodman and A. Rahman and M. Bellanich and C. N. Morrison},
	Journal = {Chaos},
	Pages = {043109},
	Title = {A Mechanical Analog of the Two-Bounce Resonance of Solitary Waves: Modeling and Experiment},
	Url = {http://aip.scitation.org/doi/abs/10.1063/1.4917047},
	Volume = {25},
	Year = {2015},
}
