@article{JPhysA2011,
	Author = {R. H. Goodman},
	Journal = {J. Phys. A: Math. Theor.},
	Pages = {425101},
	Title = {Hamiltonian Hopf bifurcations and dynamics of NLS/GP standing-wave modes},
	Url = {http://iopscience.iop.org/1751-8121/44/42/425101},
	Volume = {44},
	Year = {2011}
}
