@article{JOSAB2002,
	Author = {R. H. Goodman and R. E. Slusher and M. I. Weinstein},
	Date-Modified = {2019-11-03 21:18:40 -0500},
	Journal = {J. Opt. Soc. Am. B},
	Pages = {1635--1632},
	Title = {Stopping Light on a Defect},
	Url = {http://josab.osa.org/abstract.cfm?id=69319},
	Volume = {19},
	Year = {2002}
}
