@article{Behring:2019,
	Author = {B. M. Behring and R. H. Goodman},
	Journal = {Phys. Rev. Fluids},
	Title = {Stability of Leapfrogging Vortex Pairs: A Semi-analytic Approach},
	Url = {https://link.aps.org/doi/10.1103/PhysRevFluids.4.124703},
	Volume = {4},
	Page = {124703},
	Year = {2019},
}
