@article{HGW,
	Annote = {This is a proceedings article, which is superceded by later publications with the same collaborators and with Haberman.},
	Author = {P. J. Holmes and R. H. Goodman and M.I. Weinstein},
	Journal = {Progress in nonlinear science, Vol. 1 (Nizhny Novgorod, 2001)},
	Pages = {103--115},
	Title = {Trapping of kinks and solitons by defects: phase space transport in finite-dimensional models},
	Volume = {RAS, Inst. Appl. Phys., Nizhni Novgorod},
	Year = {2002}}
