%% This BibTeX bibliography file was created using BibDesk.
%% http://www.cs.ucsd.edu/~mmccrack/bibdesk.html


%% Created for Roy Goodman at 2022-04-28 21:40:41 -0400 


%% Saved with string encoding Unicode (UTF-8) 



@article{adriazola2022_josab,
	archiveprefix = {arXiv},
	author = {Jimmie Adriazola and Roy H. Goodman},
	date-modified = {2022-04-28 21:38:30 -0400},
	eprint = {2112.00728},
	journal = {J. Opt. Soc. Amer. A},
	pages = {907--915},
	primaryclass = {math.OC},
	title = {An Optimal Control Approach to Gradient-Index Design for Beam Reshaping},
	volume = {39},
	year = {2022}}
